@article{abdar_review_2021,
	author = {Abdar, Moloud and Pourpanah, Farhad and Hussain, Sadiq and Rezazadegan, Dana and Liu, Li and Ghavamzadeh, Mohammad and Fieguth, Paul and Cao, Xiaochun and Khosravi, Abbas and Acharya, U. Rajendra and Makarenkov, Vladimir and Nahavandi, Saeid},
	journal = {Information Fusion},
	month = dec,
	pages = {243--297},
	title = {A {Review} of {Uncertainty} {Quantification} in {Deep} {Learning}: {Techniques}, {Applications} and {Challenges}},
	volume = {76},
	year = {2021}
}
	
@article{aldred2018predictors,
	author = {Aldred, Rachel and Goodman, Anna},
	journal = {Accident Analysis \& Prevention},
	publisher = {Elsevier},
	title = {Predictors of the frequency and subjective experience of cycling near misses: Findings from the first two years of the UK Near Miss Project},
	volume = {110},
	year = {2018}
}

@inproceedings{anguita2013public,
	author = {Anguita, Davide and Ghio, Alessandro and Oneto, Luca and Parra Perez, Xavier and Reyes Ortiz, Jorge Luis},
	booktitle = {Proceedings of the 21th international European symposium on artificial neural networks, computational intelligence and machine learning},
	title = {A public domain dataset for human activity recognition using smartphones},
	year = {2013}
}

@misc{basiri2019crowdsourced,
	author = {Basiri, Anahid and Haklay, Muki and Foody, Giles and Mooney, Peter},
	journal = {International Journal of Geographical Information Science},
	number = {8},
	publisher = {Taylor \& Francis},
	title = {Crowdsourced geospatial data quality: Challenges and future directions},
	volume = {33},
	year = {2019}
}

@article{bates_testing_2021,
	author = {Bates, Stephen and Cand{\`e}s, Emmanuel and Lei, Lihua and Romano, Yaniv and Sesia, Matteo},
	journal = {arXiv:2104.08279 [math, stat]},
	month = apr,
	title = {Testing for {Outliers} with {Conformal} p-values},
	year = {2021}
}

@article{biessmann_automated_2021,
	author = {Biessmann, Felix and Golebiowski, Jacek and Rukat, Tammo and Lange, Dustin and Schmidt, Philipp},
	journal = {Bulletin of the IEEE Computer Society Technical Committee on Data Engineering},
	title = {Automated data validation in machine learning systems},
	year = {2021}
}

@book{bishop1995neural,
	author = {Bishop, Christopher M and others},
	publisher = {Oxford university press},
	title = {Neural networks for pattern recognition},
	year = {1995}
}

@article{blanc2016modeling,
	author = {Blanc, Bryan and Figliozzi, Miguel},
	journal = {Transportation Research Record},
	number = {1},
	publisher = {SAGE Publications Sage CA: Los Angeles, CA},
	title = {Modeling the impacts of facility type, trip characteristics, and trip stressors on cyclists' comfort levels utilizing crowdsourced data},
	volume = {2587},
	year = {2016}
}

@techreport{blanc2017safety,
	author = {Blanc, Bryan and Figliozzi, Miguel},
	title = {Safety perceptions, roadway characteristics, and cyclists' demographics: A study of crowdsourced smartphone bicycle safety data},
	year = {2017}
}

@inproceedings{breck_data_2019,
	author = {Breck, Eric and Polyzotis, Neoklis and Roy, Sudip and Whang, Steven Euijong and Zinkevich, Martin},
	booktitle = {{SysML}},
	pages = {1--14},
	title = {Data {Validation} for {Machine} {Learning}},
	year = {2019}
}

@inproceedings{chakraborty2017makes,
	author = {Chakraborty, Abhijnan and Messias, Johnnatan and Benevenuto, Fabricio and Ghosh, Saptarshi and Ganguly, Niloy and Gummadi, Krishna},
	booktitle = {AAAI ICWSM 2017},
	number = {1},
	title = {Who makes trends? understanding demographic biases in crowdsourced recommendations},
	volume = {11},
	year = {2017}
}

@article{chen2021deep,
	author = {Chen, Kaixuan and Zhang, Dalin and Yao, Lina and Guo, Bin and Yu, Zhiwen and Liu, Yunhao},
	journal = {ACM Computing Surveys},
	number = {4},
	publisher = {ACM New York},
	title = {Deep learning for sensor-based human activity recognition: Overview, challenges, and opportunities},
	volume = {54},
	year = {2021}
}

@article{chung2014empirical,
	author = {Chung, Junyoung and Gulcehre, Caglar and Cho, KyungHyun and Bengio, Yoshua},
	journal = {arXiv preprint arXiv:1412.3555},
	title = {Empirical evaluation of gated recurrent neural networks on sequence modeling},
	year = {2014}
}

@inproceedings{cubuk_autoaugment_2019,
	author = {Cubuk, Ekin D. and Zoph, Barret and Mane, Dandelion and Vasudevan, Vijay and Le, Quoc V.},
	booktitle = {Proc. {IEEE} {Comput}. {Soc}. {Conf}. {Comput}. {Vis}. {Pattern} {Recognit}.},
	month = may,
	pages = {113--123},
	title = {Autoaugment: {Learning} augmentation strategies from data},
	volume = {2019-June},
	year = {2019}
}

@article{eckner2012framework,
	author = {Eckner, Andreas},
	journal = {Preprint. Available at: http://www. eckner. com/papers/unevenly\_spaced\_time\_series\_analysis},
	title = {A framework for the analysis of unevenly spaced time series data},
	year = {2012}
}

@phdthesis{elmenreich2002sensor,
	author = {Elmenreich, Wilfried},
	school = {Citeseer},
	title = {Sensor fusion in time-triggered systems},
	year = {2002}
}

@article{fawcett2006introduction,
	author = {Fawcett, Tom},
	journal = {Pattern recognition letters},
	number = {8},
	publisher = {Elsevier},
	title = {An introduction to ROC analysis},
	volume = {27},
	year = {2006}
}

@article{goodfellow2014generative,
	author = {Goodfellow, Ian and Pouget-Abadie, Jean and Mirza, Mehdi and Xu, Bing and Warde-Farley, David and Ozair, Sherjil and Courville, Aaron and Bengio, Yoshua},
	journal = {Advances in neural information processing systems},
	title = {Generative adversarial nets},
	volume = {27},
	year = {2014}
}

@article{hayashi2005covariance,
	author = {Hayashi, Takaki and Yoshida, Nakahiro},
	journal = {Bernoulli},
	number = {2},
	publisher = {Bernoulli Society for Mathematical Statistics and Probability},
	title = {On covariance estimation of non-synchronously observed diffusion processes},
	volume = {11},
	year = {2005}
}

@inproceedings{he2016deep,
	author = {He, Kaiming and Zhang, Xiangyu and Ren, Shaoqing and Sun, Jian},
	booktitle = {IEEE CVPR 2016},
	title = {Deep residual learning for image recognition},
	year = {2016}
}

@article{hochreiter1997long,
	author = {Hochreiter, Sepp and Schmidhuber, J{\"u}rgen},
	journal = {Neural computation},
	number = {8},
	publisher = {MIT Press},
	title = {Long short-term memory},
	volume = {9},
	year = {1997}
}

@inproceedings{ioffe2015batch,
	author = {Ioffe, Sergey and Szegedy, Christian},
	booktitle = {International conference on machine learning},
	organization = {PMLR},
	title = {Batch normalization: Accelerating deep network training by reducing internal covariate shift},
	year = {2015}
}

@article{ismail2019deep,
	author = {Ismail Fawaz, Hassan and Forestier, Germain and Weber, Jonathan and Idoumghar, Lhassane and Muller, Pierre-Alain},
	journal = {Data mining and knowledge discovery},
	number = {4},
	publisher = {Springer},
	title = {Deep learning for time series classification: a review},
	volume = {33},
	year = {2019}
}

@article{kahneman1991anomalies,
	author = {Kahneman, Daniel and Knetsch, Jack L and Thaler, Richard H},
	journal = {Journal of Economic perspectives},
	number = {1},
	title = {Anomalies: The endowment effect, loss aversion, and status quo bias},
	volume = {5},
	year = {1991}
}

@article{karakaya2020simra,
	author = {Karakaya, Ahmet-Serdar and Hasenburg, Jonathan and Bermbach, David},
	journal = {PMC},
	publisher = {Elsevier},
	title = {SimRa: Using crowdsourcing to identify near miss hotspots in bicycle traffic},
	volume = {67},
	year = {2020}
}

@article{kuhlmann2021smartphone,
	author = {Kuhlmann, Tim and Garaizar, Pablo and Reips, Ulf-Dietrich},
	journal = {Behavior research methods},
	number = {1},
	publisher = {Springer},
	title = {Smartphone sensor accuracy varies from device to device in mobile research: The case of spatial orientation},
	volume = {53},
	year = {2021}
}

@article{lipton_detecting_2018,
	author = {Lipton, Zachary C. and Wang, Yu Xiang and Smola, Alexander J.},
	journal = {35th Int. Conf. Mach. Learn. ICML 2018},
	month = feb,
	pages = {4887--4897},
	title = {Detecting and correcting for label shift with black box predictors},
	volume = {7},
	year = {2018}
}

@inproceedings{ortiz2011dynamic,
	author = {Ortiz Laguna, Javier and Olaya, Angel Garcia and Borrajo, Daniel},
	booktitle = {UMAP 2011},
	organization = {Springer},
	title = {A dynamic sliding window approach for activity recognition},
	year = {2011}
}

@inproceedings{polyzotis_data_2018,
	author = {Polyzotis, Neoklis and Roy, Sudip and Whang, Steven Euijong and Zinkevich, Martin},
	booktitle = {{SIGMOD} {Rec}.},
	pages = {17--28},
	title = {Data lifecycle challenges in production machine learning: {A} survey},
	volume = {47},
	year = {2018}
}

@book{rabanser_failing_2018,
	author = {Rabanser, Stephan and G{\"u}nnemann, Stephan and Lipton, Zachary C.},
	title = {Failing loudly: {An} empirical study of methods for detecting dataset shift},
	year = {2018}
}

@mastersthesis{sanchez2020detecting,
	author = {S{\'a}nchez Fuster, Albert},
	school = {Universitat Polit{\`e}cnica de Catalunya},
	title = {Detecting Near Miss Incidents in Bicycle Traffic Using Acceleration Sensor Data},
	year = {2020}
}

@article{schelter_challenges_2018,
	author = {Schelter, Sebastian and Biessmann, Felix and Januschowski, Tim and Salinas, David and Seufert, Stephan and Szarvas, Gyuri},
	journal = {Bull. IEEE Comput. Soc. Tech. Comm. Data Eng.},
	pages = {5--13},
	title = {On {Challenges} in {Machine} {Learning} {Model} {Management}},
	year = {2018}
}

@inproceedings{schelter_learning_2020,
	address = {New York, NY, USA},
	author = {Schelter, Sebastian and Rukat, Tammo and Biessmann, Felix},
	booktitle = {Proc. 2020 {ACM} {SIGMOD} {Int}. {Conf}. {Manag}. {Data}},
	month = jun,
	pages = {1289--1299},
	publisher = {ACM},
	title = {Learning to {Validate} the {Predictions} of {Black} {Box} {Classifiers} on {Unseen} {Data}},
	year = {2020}
}

@inproceedings{stisen2015smart,
	author = {Stisen, Allan and Blunck, Henrik and Bhattacharya, Sourav and Prentow, Thor Siiger and Kj{\ae}rgaard, Mikkel Baun and Dey, Anind and Sonne, Tobias and Jensen, Mads M{\o}ller},
	booktitle = {ACM SenSys 2015},
	title = {Smart devices are different: Assessing and mitigatingmobile sensing heterogeneities for activity recognition},
	year = {2015}
}

@book{sugiyama_machine_2012,
	author = {Sugiyama, M and Kawanabe, Motoaki, Motoaki},
	publisher = {MIT Press},
	title = {Machine {Learning} in {Non}-{Stationary} {Environments} {Introduction} to {Covariate} {Shift} {Adaptation}},
	year = {2012}
}

@inproceedings{tran2015learning,
	author = {Tran, Du and Bourdev, Lubomir and Fergus, Rob and Torresani, Lorenzo and Paluri, Manohar},
	booktitle = {Proceedings of the IEEE international conference on computer vision},
	title = {Learning spatiotemporal features with 3d convolutional networks},
	year = {2015}
}

@book{tukey1977exploratory,
	author = {Tukey, John W and others},
	publisher = {Reading, Mass.},
	title = {Exploratory data analysis},
	volume = {2},
	year = {1977}
}

@book{upton1996understanding,
	author = {Upton, Graham and Cook, Ian},
	publisher = {Oxford University Press},
	title = {Understanding statistics},
	year = {1996}
}

@article{weerakody2021review,
	author = {Weerakody, Philip B and Wong, Kok Wai and Wang, Guanjin and Ela, Wendell},
	journal = {Neurocomputing},
	publisher = {Elsevier},
	title = {A review of irregular time series data handling with gated recurrent neural networks},
	volume = {441},
	year = {2021}
}

@article{wolpert1992stacked,
	author = {Wolpert, David H},
	journal = {Neural networks},
	number = {2},
	publisher = {Elsevier},
	title = {Stacked generalization},
	volume = {5},
	year = {1992}
}

@inproceedings{wu2018predicting,
	author = {Wu, Jiahui and Hong, Lingzi and Frias-Martinez, Vanessa},
	booktitle = {IEEE Big Data 2018},
	organization = {IEEE},
	title = {Predicting perceived cycling safety levels using open and crowdsourced data},
	year = {2018}
}

@inproceedings{yao2017deepsense,
	author = {Yao, Shuochao and Hu, Shaohan and Zhao, Yiran and Zhang, Aston and Abdelzaher, Tarek},
	booktitle = {TheWebConf 2017},
	title = {Deepsense: A unified deep learning framework for time-series mobile sensing data processing},
	year = {2017}
}

@article{youden1950index,
	author = {Youden, William J},
	journal = {Cancer},
	number = {1},
	publisher = {Wiley Online Library},
	title = {Index for rating diagnostic tests},
	volume = {3},
	year = {1950}
}

@book{zwillinger1999crc,
	author = {Zwillinger, Daniel and Kokoska, Stephen},
	publisher = {Crc Press},
	title = {CRC standard probability and statistics tables and formulae},
	year = {1999}
}

@book{goodfellow2016deep,
	author = {Goodfellow, Ian and Bengio, Yoshua and Courville, Aaron},
	publisher = {MIT press},
	title = {Deep learning},
	year = {2016}
}

